@article{wagstaff2018progress,
  title={Progress on impoverishing health spending in 122 countries: a retrospective observational study},
  author={Wagstaff, Adam and Flores, Gabriela and Smitz, Marc-Fran{\c{c}}ois and Hsu, Justine and Chepynoga, Kateryna and Eozenou, Patrick},
  journal={The Lancet Global Health},
  volume={6},
  number={2},
  pages={e180--e192},
  year={2018},
  publisher={Elsevier}
}